% This file was created with JabRef 2.8.1.
% Encoding: UTF8

@ARTICLE{mmadsen,
  author = {Madsen, Martin},
  title = {First World Problems},
  year = {2025},
  owner = {Martin},
  timestamp = {2012.09.06}
}

